
@book{carroll_introduction_2017,
	title = {An introduction to modern astrophysics},
	publisher = {Cambridge University Press},
	author = {Carroll, Bradley W. and Ostlie, Dale A.},
	year = {2017},
	file = {Snapshot:/home/mauro/Zotero/storage/7CLGMEY8/books.html:text/html}
}

@article{SN_darkEnergy,
	title = {Supernovae and the nature of the dark energy},
	volume = {380},
	number = {1},
	journal = {Astronomy \& Astrophysics},
	author = {Goliath, M. and Amanullah, Rahman and Astier, P. and Goobar, A. and Pain, R.},
	year = {2001},
	pages = {6--18},
	file = {Full Text:/home/mauro/Zotero/storage/PD7NLCI7/Goliath et al. - 2001 - Supernovae and the nature of the dark energy.pdf:application/pdf;Snapshot:/home/mauro/Zotero/storage/ZNUYVGTD/aah2780.ps.html:text/html}
}

@article{SN_standardCandle_,
	title = {Constraining dark energy with type {Ia} supernovae and large-scale structure},
	volume = {83},
	number = {4},
	journal = {Physical Review Letters},
	author = {Perlmutter, Saul and Turner, Michael S. and White, Martin},
	year = {1999},
	pages = {670},
	file = {Full Text:/home/mauro/Zotero/storage/8MRD8LCV/Perlmutter et al. - 1999 - Constraining dark energy with type Ia supernovae a.pdf:application/pdf;Snapshot:/home/mauro/Zotero/storage/998NXAVH/PhysRevLett.83.html:text/html}
}

@article{ivezic_lsst:_2008,
	title = {{LSST}: from science drivers to reference design and anticipated data products},
	shorttitle = {{LSST}},
	journal = {arXiv preprint arXiv:0805.2366},
	author = {Ivezic, Zeljko and Tyson, J. A. and Abel, B. and Acosta, E. and Allsman, R. and AlSayyad, Y. and Anderson, S. F. and Andrew, J. and Angel, R. and Angeli, G.},
	year = {2008},
	file = {Full Text:/home/mauro/Zotero/storage/638MXJJ3/Ivezic et al. - 2008 - LSST from science drivers to reference design and.pdf:application/pdf;Snapshot:/home/mauro/Zotero/storage/2PMKBPML/0805.html:text/html}
}